
%% INTRODUCCIÓN
%%%%%%%%%%%%%%%%

@book{byers_introduction_2016,
author = {Byers, Steven N},
booktitle = {Introduction to forensic anthropology},
edition = {5th. ed.},
keywords = {Antropología legal},
publisher = {Routledge},
title = {Introduction to forensic anthropology},
year = {2017}
}

@book{RefWorks:RefID:12-black2011forensic,
	author={Sue M. Black and Eilidh Ferguson},
	year={2011},
	title={Forensic anthropology: 2000 to 2010},
	publisher={CRC Press},
}

@book{RefWorks:RefID:17-christensen2019forensic,
	author={Angi M. Christensen and Nicholas V. Passalacqua and Eric J. Bartelink},
	year={2019},
	title={Forensic Anthropology},
	publisher={Elsevier Science \& Technology},
}

@article{RefWorks:RefID:19-todd1921age,
     author={T. Wingate Todd},
     year={1921},
     title={Age changes in the pubic bone},
     journal={American journal of physical anthropology},
     volume={4},
     number={1},
}

@article{RefWorks:RefID:20-brooks1990skeletal,
     author={S. Brooks and J. M. Suchey},
     year={1990},
     title={Skeletal age determination based on the os pubis: A comparison of the Acsádi-Nemeskéri and Suchey-Brooks methods},
     journal={Human evolution},
     volume={5},
     number={3},
     pages={227-238},
}

@article{RefWorks:RefID:21-mesejo2020survey,
     author={Pablo Mesejo and Rubén Martos and Óscar Ibáñez and Jorge Novo and Marcos Ortega},
     year={2020},
     title={A Survey on Artificial Intelligence Techniques for Biomedical Image Analysis in Skeleton-Based Forensic Human Identification},
     journal={Applied sciences},
     volume={10},
     number={14},
     pages={4703},
}

@article{RefWorks:RefID:22-beauthier2009mass,
     author={Jean-Pol Beauthier and Edd Valck y De and Philippe Lefevre and Joan De Winne},
     year={2009},
     title={Mass Disaster Victim Identification: The Tsunami Experience},
     journal={Open Forensic Science Journal},
     volume={2},
     number={1},
     pages={54-62},
}

@article{garvin_current_2012,
	title = {Current {Practices} by {Forensic} {Anthropologists} in {Adult} {Skeletal} {Age} {Estimation}},
	volume = {57},
	number = {2},
	journal = {Journal of Forensic Sciences},
	author = {Garvin, Heather M. and Passalacqua, Nicholas V.},
	year = {2012},
	keywords = {age at death estimation, aging methods, Daubert criteria, forensic anthropology, forensic science, pubic symphysis, trends},
	pages = {427--433},
}

@article{ritchie_terrorism_2013,
	title = {Terrorism},
	url = {https://ourworldindata.org/terrorism},
	abstract = {The attacks of terrorists receive a lot of attention from the media and often dominate the public discourse. How many people die from these attacks and how did it change over time?},
	urldate = {2022-07-12},
	journal = {Our World in Data},
	author = {Ritchie, Hannah and Hasell, Joe and Mathieu, Edouard and Appel, Cameron and Roser, Max},
	year = {2013},
}

@online{ritchie_natural_2014,
	title = {Natural {Disasters}},
	url = {https://ourworldindata.org/natural-disasters},
	abstract = {Where and from which disasters do people die? What can we do to prevent deaths from natural disasters?},
	urldate = {2022-07-12},
	journal = {Our World in Data},
	author = {Ritchie, Hannah and Roser, Max},
	month = jun,
	year = {2014},
}

@article{petrenko_more_2022,
	title = {More than 1,600 unidentified bodies have been counted in {Ukraine}},
	url = {https://www.pravda.com.ua/eng/news/2022/07/4/7356275/},
	abstract = {ROMAN PETRENKO —  MONDAY, 4 JULY 2022, 15:55},
	urldate = {2022-07-12},
	journal = {Ukrayinska Pravda},
	author = {Petrenko, Roman},
	year = {2022},
}

@article{junquera_huellas_2022,
	title = {Las huellas del horror franquista: 10.000 esqueletos recuperados en 20 años},
	shorttitle = {Las huellas del horror franquista},
	url = {https://elpais.com/espana/2022-01-09/las-huellas-del-horror-franquista-10000-esqueletos-recuperados-en-20-anos.html},
	abstract = {El forense Francisco Etxeberria calcula que podrán exhumarse otras 20.000 víctimas. Muchas fosas comunes son ya irrecuperables},
	urldate = {2022-07-12},
	journal = {El País},
	author = {Junquera, Natalia},
	year = {2022},
	note = {Section: España},
}

@misc{noauthor_daubert_nodate,
	title = {Daubert standard},
	url = {https://www.law.cornell.edu/wex/daubert_standard},
	urldate = {2022-07-14},
	date = {},
	author = {{Legal Information Institute}},
}

@misc{antrofisica,
	title = {Antropología {Física}},
	url = {https://www.enah.edu.mx/index.php/pres-af-lic},
	urldate = {2022-07-27},
	author = {{Escuela Nacional de Antropología e Historia}},
	year = {2016},
}

@article{skullAF,
  title={Age estimation from cranial sutures: CT scan study},
  author={Khandare, SV and Bhise, SS and Shinde, AB},
  journal={Indian Journal of Basic and Applied Medical Research},
  volume={3},
  number={4},
  pages={203--211},
  year={2014}
}

@article{buckberry_age_2002,
	title = {Age estimation from the auricular surface of the ilium: a revised method},
	volume = {119},
	shorttitle = {Age estimation from the auricular surface of the ilium},
	number = {3},
	journal = {American Journal of Physical Anthropology},
	author = {Buckberry, J. L. and Chamberlain, A. T.},
	year = {2002},
	pmid = {12365035},
	pages = {231--239},
}

@article{krizhevsky_imagenet_2017,
	title = {{ImageNet} classification with deep convolutional neural networks},
	volume = {60},
	number = {6},
	journal = {Communications of the ACM},
	author = {Krizhevsky, Alex and Sutskever, Ilya and Hinton, Geoffrey E.},
	year = {2017},
	pages = {84--90},
}

@book{pressman2005software,
  title={Software engineering: a practitioner's approach},
  author={Pressman, Roger S},
  year={2005},
  publisher={Palgrave macmillan}
}

%% FUNDAMENTOS TEÓRICOS
%%%%%%%%%%%%%%%%%%%%%%%

@book{mitchell_introduction_1997,
	edition = {1},
	title = {Machine {Learning}},
	publisher = {McGraw Hill},
	author = {Mitchell, Tom},
	year = {1997},
}

@book{6284961,
    author = {Alpaydd, Ethem},
    title = {Introduction to Machine Learning},
    edition = {2},
    publisher = {MIT Press},
    year = {2009},
  }
  
@book{abu-mostafa_learning_2012,
	edition = {1},
	title = {Learning {From} {Data}: {A} {Short} {Course}},
	publisher = {AMLbook.com},
	author = {Abu-Mostafa, Yasser S. and Magdon-Ismail, Malik and Lin, Hsuan-Tien},
	year = {2012},
}

@book{chollet_deep_2021,
	edition = {2},
	title = {Deep {Learning} with {Python}},
	publisher = {Manning},
	author = {Chollet, François},
	year = {2021},
}

@book{Goodfellow-et-al-2016,
    title={Deep Learning},
    author={Ian Goodfellow and Yoshua Bengio and Aaron Courville},
    publisher={MIT Press},
    year={2016}
}

@article{annPictureSource,
  title={Deep neural network assisted diagnosis of time-frequency transformed electromyograms},
  author={Bakiya, Ambikapathy and Kamalanand, Krishnamurthy and Rajinikanth, V and Nayak, Ramesh Sunder and Kadry, Seifedine},
  journal={Multimedia Tools and Applications},
  volume={79},
  number={15},
  pages={11051--11067},
  year={2020},
  publisher={Springer}
}

@article{artificialNeuron,
  title={Machine learning approach for prediction of hematic parameters in hemodialysis patients},
  author={Decaro, Cristoforo and Montanari, Giovanni Battista and Molinari, Riccardo and Gilberti, Alessio and Bagnoli, Davide and Bianconi, Marco and Bellanca, Gaetano},
  journal={IEEE Journal of Translational Engineering in Health and Medicine},
  volume={7},
  pages={1--8},
  year={2019},
  publisher={IEEE}
}

@misc{noauthor_what_2021,
	title = {What are {Convolutional} {Neural} {Networks}?},
	author ={IBM},
	url = {https://www.ibm.com/cloud/learn/convolutional-neural-networks},
	urldate = {2022-07-17},
	year = {2021},
}

@article{pooling,
author = {Minfei, Liang and Yidong, Gan and Chang, Ze and Zhi, Wan and Schlangen, Erik and Šavija, Branko},
year = {2022},
pages = {106681},
title = {Microstructure-informed deep convolutional neural network for predicting short-term creep modulus of cement paste},
volume = {152},
journal = {Cement and Concrete Research},
}

@misc{prabhu_understanding_2019,
	title = {Understanding of {Convolutional} {Neural} {Network} ({CNN}) — {Deep} {Learning}},
	url = {https://medium.com/@RaghavPrabhu/understanding-of-convolutional-neural-network-cnn-deep-learning-99760835f148},
	urldate = {2022-07-18},
	journal = {Medium},
	author = {Prabhu},
	year = {2019},
}

@misc{noauthor_shrec2022_nodate,
	title = {{SHREC2022} – {3DOR} 2022},
	url = {https://www.micc.unifi.it/3dor2022/index.php/shrec-2022/},
	urldate = {2022-07-18},
}

@article{ahmed_survey_2019,
  title={A survey on deep learning advances on different 3D data representations},
  author={Ahmed, Eman and Saint, Alexandre and Shabayek, Abd El Rahman and Cherenkova, Kseniya and Das, Rig and Gusev, Gleb and Aouada, Djamila and Ottersten, Bjorn},
  journal={arXiv Preprint},
  year={2018}
}

@article{gezawa_review_2020,
	title = {A {Review} on {Deep} {Learning} {Approaches} for {3D} {Data} {Representations} in {Retrieval} and {Classifications}},
	volume = {8},
	journal = {IEEE Access},
	author = {Gezawa, Abubakar Sulaiman and Zhang, Yan and Wang, Qicong and Yunqi, Lei},
	year = {2020},
	pages = {57566--57593},
}

@book{alma991006986149704990,
author = {Han, Jiawei},
title = {Data mining: concepts and techniques},
edition = {3rd ed.},
publisher = {Morgan Kaufmann},
year = {2012},
}

@article{lecun_deep_2015,
	title = {Deep learning},
	volume = {521},
	number = {7553},
	journal = {Nature},
	author = {LeCun, Yann and Bengio, Yoshua and Hinton, Geoffrey},
	year = {2015},
	pages = {436--444},
}

@article{schmidhuber_deep_2015,
	title = {Deep learning in neural networks: {An} overview},
	volume = {61},
	journal = {Neural Networks},
	author = {Schmidhuber, Jürgen},
	year = {2015},
	pages = {85--117},
}

@book{bishop_ANN,
author = {Bishop, Christopher M.},
title = {Neural Networks for Pattern Recognition},
year = {1995},
publisher = {Oxford University Press, Inc.},
}

@book{ripley_ANN,
author = {Ripley, Brian D.},
publisher = {Cambridge University Press},
title = {Pattern recognition and neural networks},
year = {2007},
}

@article{lecun_backpropagation_1989,
	title = {Backpropagation {Applied} to {Handwritten} {Zip} {Code} {Recognition}},
	volume = {1},
	number = {4},
	journal = {Neural Computation},
	author = {LeCun, Y. and Boser, B. and Denker, J. S. and Henderson, D. and Howard, R. E. and Hubbard, W. and Jackel, L. D.},
	year = {1989},
	pages = {541--551},
}

@article{leCUM_CNN,
author = {Lecun, Yann and Bottou, Leon and Bengio, Y. and Haffner, Patrick},
year = {1998},
pages = {2278 - 2324},
title = {Gradient-Based Learning Applied to Document Recognition},
volume = {86},
number = {11},
journal = {Proceedings of the IEEE},
}

@inproceedings{he2015delving,
  title={Delving deep into rectifiers: Surpassing human-level performance on imagenet classification},
  author={He, Kaiming and Zhang, Xiangyu and Ren, Shaoqing and Sun, Jian},
  booktitle={Proceedings of the IEEE international conference on computer vision},
  pages={1026--1034},
  year={2015}
}

@inproceedings{glorot2010understanding,
  title={Understanding the difficulty of training deep feedforward neural networks},
  author={Glorot, Xavier and Bengio, Yoshua},
  booktitle={Proceedings of the thirteenth international conference on artificial intelligence and statistics},
  pages={249--256},
  year={2010},
  organization={JMLR Workshop and Conference Proceedings}
}

@inproceedings{wu2018group,
  title={Group normalization},
  author={Wu, Yuxin and He, Kaiming},
  booktitle={Proceedings of the European conference on computer vision (ECCV)},
  pages={3--19},
  year={2018}
}

%% ESTADO DEL ARTE
%%%%%%%%%%%%%%%%%%

@article{ruengdit2020cranial,
  title={Cranial suture closure as an age indicator: a review},
  author={Ruengdit, Sittiporn and Case, D Troy and Mahakkanukrauh, Pasuk},
  journal={Forensic science international},
  volume={307},
  pages={110111},
  year={2020},
  publisher={Elsevier}
}

@article{meindl1985ectocranial,
  title={Ectocranial suture closure: A revised method for the determination of skeletal age at death based on the lateral-anterior sutures},
  author={Meindl, Richard S and Lovejoy, C Owen},
  journal={American journal of physical anthropology},
  volume={68},
  number={1},
  pages={57--66},
  year={1985},
  publisher={Wiley Online Library}
}

@book{acsadi1970history,
  title={History of human life span and mortality},
  author={Acs{\'a}di, Gy{\"o}rgy and Nemesk{\'e}ri, J{\'a}nos and Bal{\'a}s, Korn{\'e}l},
  year={1970},
  publisher={Akadémiai Kiadó}
}

@article{mann1991maxillary,
  title={Maxillary suture obliteration: a visual method for estimating skeletal age},
  author={Mann, Robert W and Jantz, Richard L and Bass, William M and Willey, Patrick S},
  journal={Journal of Forensic Science},
  volume={36},
  number={3},
  pages={781--791},
  year={1991},
  publisher={ASTM International}
}

@article{boyd2015use,
  title={The use of CT scans in estimating age at death by examining the extent of ectocranial suture closure},
  author={Boyd, Kristen Leigh and Villa, Chiara and Lynnerup, Niels},
  journal={Journal of forensic sciences},
  volume={60},
  number={2},
  pages={363--369},
  year={2015},
  publisher={Wiley Online Library}
}

@article{chiba2013age,
  title={Age estimation by multidetector CT images of the sagittal suture},
  author={Chiba, Fumiko and Makino, Yohsuke and Motomura, Ayumi and Inokuchi, Go and Torimitsu, Suguru and Ishii, Namiko and Sakuma, Ayaka and Nagasawa, Sayaka and Saitoh, Hisako and Yajima, Daisuke and others},
  journal={International journal of legal medicine},
  volume={127},
  number={5},
  pages={1005--1011},
  year={2013},
  publisher={Springer}
}

@article{icscan1984age,
  title={Age estimation from the rib by phase analysis: white males},
  author={I{\c{s}}can, M Ya{\c{s}}ar and Loth, Susan R and Wright, Ronald K},
  journal={Journal of Forensic Science},
  volume={29},
  number={4},
  pages={1094--1104},
  year={1984},
  publisher={ASTM International}
}

@article{icscan1985age,
  title={Age estimation from the rib by phase analysis: white females},
  author={{\.I}{\c{s}}can, M Ya{\c{s}}ar and Loth, Susan R and Wright, Ronald K},
  journal={Journal of Forensic Science},
  volume={30},
  number={3},
  pages={853--863},
  year={1985},
  publisher={ASTM International}
}

@article{fanton2010critical,
  title={Critical study of observation of the sternal end of the right 4th rib},
  author={Fanton, Laurent and Gustin, Marie-Paule and Paultre, Ulysse and Schrag, Bettina and Malicier, Daniel},
  journal={Journal of forensic sciences},
  volume={55},
  number={2},
  pages={467--472},
  year={2010},
  publisher={Wiley Online Library}
}

@article{hartnett2010analysis,
  title={Analysis of age-at-death estimation using data from a new, modern autopsy sample—Part II: Sternal end of the fourth rib},
  author={Hartnett, Kristen M},
  journal={Journal of forensic sciences},
  volume={55},
  number={5},
  pages={1152--1156},
  year={2010},
  publisher={Wiley Online Library}
}

@article{blaszkowska2019validation,
  title={Validation of the {\.I}{\c{s}}can method in clinical MSCT scans specific to an Australian population},
  author={Blaszkowska, Magda and Flavel, Ambika and Franklin, Daniel},
  journal={International Journal of Legal Medicine},
  volume={133},
  number={6},
  pages={1903--1913},
  year={2019},
  publisher={Springer}
}

@article{zhang2018role,
  title={The role of multislice computed tomography of the costal cartilage in adult age estimation},
  author={Zhang, Kui and Fan, Fei and Tu, Meng and Cui, Jing-hui and Li, Jing-song and Peng, Zhao and Deng, Zhen-hua},
  journal={International Journal of Legal Medicine},
  volume={132},
  number={3},
  pages={791--798},
  year={2018},
  publisher={Springer}
}

@article{lovejoy1985chronological,
  title={Chronological metamorphosis of the auricular surface of the ilium: a new method for the determination of adult skeletal age at death},
  author={Lovejoy, C Owen and Meindl, Richard S and Pryzbeck, Thomas R and Mensforth, Robert P},
  journal={American Journal of Physical Anthropology},
  volume={68},
  number={1},
  pages={15--28},
  year={1985},
  publisher={Wiley Online Library}
}

@article{falys2006auricular,
  title={Auricular surface aging: worse than expected? A test of the revised method on a documented historic skeletal assemblage},
  author={Falys, Ceri G and Schutkowski, Holger and Weston, Darlene A},
  journal={American Journal of Physical Anthropology: The Official Publication of the American Association of Physical Anthropologists},
  volume={130},
  number={4},
  pages={508--513},
  year={2006},
  publisher={Wiley Online Library}
}

@article{michopoulou2017auricular,
  title={The auricular surface as age indicator in a modern Greek sample: a test of two qualitative methods},
  author={Michopoulou, Effrosyni and Negre, Pierrick and Nikita, Efthymia and Kranioti, Elena F},
  journal={Forensic science international},
  volume={280},
  pages={246--e1},
  year={2017},
  publisher={Elsevier}
}

@article{nikita2018evaluation,
  title={An evaluation of Bayesian age estimation using the auricular surface in modern Greek material},
  author={Nikita, Efthymia and Xanthopoulou, Panagiota and Kranioti, Elena},
  journal={Forensic science international},
  volume={291},
  pages={1--11},
  year={2018},
  publisher={Elsevier}
}

@article{villa2013reliability,
  title={Reliability of suchey-brooks and buckberry-chamberlain methods on 3D visualizations from CT and laser scans},
  author={Villa, Chiara and Buckberry, Jo and Cattaneo, Cristina and Lynnerup, Niels},
  journal={American journal of physical anthropology},
  volume={151},
  number={1},
  pages={158--163},
  year={2013},
  publisher={Wiley Online Library}
}

@article{barrier2009age,
  title={Age at death estimation using multislice computed tomography reconstructions of the posterior pelvis},
  author={Barrier, Pierre and Dedouit, Fabrice and Braga, Jos{\'e} and Joffre, Francis and Roug{\'e}, Daniel and Rousseau, Herv{\'e} and Telmon, Norbert},
  journal={Journal of forensic sciences},
  volume={54},
  number={4},
  pages={773--778},
  year={2009},
  publisher={Wiley Online Library}
}

@article{schanandore2022accuracy,
  title={The accuracy and reliability of the Suchey--Brooks pubic symphysis age estimation method: Systematic review and meta-analysis},
  author={Schanandore, James V and Wolden, Mitch and Smart, Neil},
  journal={Journal of Forensic Sciences},
  volume={67},
  number={1},
  pages={56--67},
  year={2022},
  publisher={Wiley Online Library}
}

@article{priya2017methods,
  title={Methods of skeletal age estimation used by forensic anthropologists in adults: a review},
  author={Priya, E},
  journal={Forensic Res Criminol Int J},
  volume={4},
  number={2},
  pages={104},
  year={2017}
}

@article{wade2011preliminary,
  title={Preliminary radiological assessment of age-related change in the trabecular structure of the human os pubis},
  author={Wade, Andrew and Nelson, Andrew and Garvin, Greg and Holdsworth, David W},
  journal={Journal of forensic sciences},
  volume={56},
  number={2},
  pages={312--319},
  year={2011},
  publisher={Wiley Online Library}
}

@article{villa2013forensic,
  title={Forensic age estimation based on the trabecular bone changes of the pelvic bone using post-mortem CT},
  author={Villa, Chiara and Hansen, Maria Normand and Buckberry, Jo and Cattaneo, Cristina and Lynnerup, Niels},
  journal={Forensic science international},
  volume={233},
  number={1-3},
  pages={393--402},
  year={2013},
  publisher={Elsevier}
}

@article{lottering2014morphometric,
  title={Morphometric modelling of ageing in the human pubic symphysis: Sexual dimorphism in an Australian population},
  author={Lottering, Nicolene and Reynolds, Mikaela S and MacGregor, Donna M and Meredith, Matthew and Gregory, Laura S},
  journal={Forensic science international},
  volume={236},
  pages={195.e1--195.e11},
  year={2014},
  publisher={Elsevier}
}

@article{lopez2015image,
  title={Image analysis of pubic bone for age estimation in a computed tomography sample},
  author={L{\'o}pez-Alcaraz, Manuel and Garamendi, Pedro Manuel  and Aguilera, Inmaculada Alem{\'a}n and L{\'o}pez, Miguel Botella},
  journal={International journal of legal medicine},
  volume={129},
  number={2},
  pages={335--346},
  year={2015},
  publisher={Springer}
}

@article{biwasaka2013three,
  title={Three dimensional surface analyses of pubic symphyseal faces of contemporary Japanese reconstructed with 3D digitized scanner},
  author={Biwasaka, Hitoshi and Sato, Kei and Aoki, Yasuhiro and Kato, Hideaki and Maeno, Yoshitaka and Tanijiri, Toyohisa and Fujita, Sachiko and Dewa, Koji},
  journal={Legal Medicine},
  volume={15},
  number={5},
  pages={264--268},
  year={2013},
  publisher={Elsevier}
}

@article{villa2015quantitative,
  title={Quantitative analysis of the morphological changes of the pubic symphyseal face and the auricular surface and implications for age at death estimation},
  author={Villa, Chiara and Buckberry, Jo and Cattaneo, Cristina and Frohlich, Bruno and Lynnerup, Niels},
  journal={Journal of forensic sciences},
  volume={60},
  number={3},
  pages={556--565},
  year={2015},
  publisher={Wiley Online Library}
}

@article{slice2015modeling,
  title={Modeling bone surface morphology: a fully quantitative method for age-at-death estimation using the pubic symphysis},
  author={Slice, Dennis E and Algee-Hewitt, Bridget FB},
  journal={Journal of forensic sciences},
  volume={60},
  number={4},
  pages={835--843},
  year={2015},
  publisher={Wiley Online Library}
}

@article{stoyanova2015enhanced,
  title={An enhanced computational method for age-at-death estimation based on the pubic symphysis using 3 D laser scans and thin plate splines},
  author={Stoyanova, Detelina and Algee-Hewitt, Bridget FB and Slice, Dennis E},
  journal={American journal of physical anthropology},
  volume={158},
  number={3},
  pages={431--440},
  year={2015},
  publisher={Wiley Online Library}
}

@article{stoyanova2017computational,
  title={A computational framework for age-at-death estimation from the skeleton: Surface and outline analysis of 3D laser scans of the adult pubic symphysis},
  author={Stoyanova, Detelina and Algee-Hewitt, Bridget FB and Kim, Jieun and Slice, Dennis E},
  journal={Journal of forensic sciences},
  volume={62},
  number={6},
  pages={1434--1444},
  year={2017},
  publisher={Wiley Online Library}
}

@article{kotverova2018age,
  title={Age estimation of adult human remains from hip bones using advanced methods},
  author={Kotěrová, Anežka and Navega, David and Štepanovský, Michal and Buk, Zdeněk and Brůžek, Jaroslav and Cunha, Eugénia},
  journal={Forensic science international},
  volume={287},
  pages={163--175},
  year={2018},
  publisher={Elsevier}
}

@article{koterova_computational_2022,
	title = {The computational age‐at‐death estimation from {3D} surface models of the adult pubic symphysis using data mining methods},
	volume = {12},
	number = {1},
	journal = {Scientific Reports},
	author = {Kotěrová, Anežka and Štepanovský, Michal and Buk, Zdeněk and Brůžek, Jaroslav and Techataweewan, Nawaporn and Velemínská, Jana},
	year = {2022},
	pages = {10324},
}

@inproceedings{villar2017first,
  title={A first approach to a fuzzy classification system for age estimation based on the pubic bone},
  author={Villar, Pedro and Alem{\'a}n, Inmaculada and Castillo, Laura and Damas, Sergio and Cord{\'o}n, Oscar},
  booktitle={2017 IEEE International Conference on Fuzzy Systems (FUZZ-IEEE)},
  pages={1--6},
  year={2017},
  organization={IEEE}
}

@unpublished{granados,
  author = "Gámez-Granados, Juan Carlos and Irurita, Javier and Pérez, Raúl and Gonzáles, Antonio and Damas, Sergio and Alemán, Inmaculada and Cordón, Óscar",
  title  = "Automating the Decision Making Process of Todd’s Age Estimation Method from the Pubic Symphysis with Explainable Machine Learning",
  note   = "\emph{Information Science}, Preimpresión",
  year   = "2022",
}

@article{gamez2016ordinal,
  title={Ordinal classification based on the sequential covering strategy},
  author={Gámez, Juan Carlos and García, David and González, Antonio and Pérez, Raúl},
  journal={International Journal of Approximate Reasoning},
  volume={76},
  pages={96--110},
  year={2016},
  publisher={Elsevier}
}

@inproceedings{feng2019meshnet,
  title={Meshnet: Mesh neural network for 3d shape representation},
  author={Feng, Yutong and Feng, Yifan and You, Haoxuan and Zhao, Xibin and Gao, Yue},
  booktitle={Proceedings of the AAAI Conference on Artificial Intelligence},
  volume={33},
  number={01},
  pages={8279--8286},
  year={2019}
}

@inproceedings{wu20153d,
  title={3d shapenets: A deep representation for volumetric shapes},
  author={Wu, Zhirong and Song, Shuran and Khosla, Aditya and Yu, Fisher and Zhang, Linguang and Tang, Xiaoou and Xiao, Jianxiong},
  booktitle={Proceedings of the IEEE conference on computer vision and pattern recognition},
  pages={1912--1920},
  year={2015}
}

@inproceedings{lian2011shape,
  title={Shape retrieval on non-rigid 3D watertight meshes},
  author={Lian, Z and Godil, A and Bustos, B and Daoudi, M and Hermans, J and Kawamura, S and Kurita, Y and Lavoua, G and Suetens, P Dp and others},
  booktitle={Eurographics workshop on 3d object retrieval (3DOR)},
  year={2011},
  organization={Citeseer}
}

@article{latecki2000shape,
  title={Shape similarity measure based on correspondence of visual parts},
  author={Latecki, Longin Jan and Lakamper, Rolf},
  journal={IEEE Transactions on Pattern Analysis and Machine Intelligence},
  volume={22},
  number={10},
  pages={1185--1190},
  year={2000},
  publisher={IEEE}
}

@InProceedings{Koch_2019_CVPR,
author = {Koch, Sebastian and Matveev, Albert and Jiang, Zhongshi and Williams, Francis and Artemov, Alexey and Burnaev, Evgeny and Alexa, Marc and Zorin, Denis and Panozzo, Daniele},
title = {ABC: A Big CAD Model Dataset For Geometric Deep Learning},
booktitle = {The IEEE Conference on Computer Vision and Pattern Recognition (CVPR)},
year = {2019}
}

@article{sangalli2014aneurisk65,
  title={AneuRisk65: A dataset of three-dimensional cerebral vascular geometries},
  author={Sangalli, Laura M and Secchi, Piercesare and Vantini, Simone},
  journal={Electronic Journal of Statistics},
  volume={8},
  number={2},
  pages={1879--1890},
  year={2014},
}

%% MATERIALES Y MÉTODOS
%%%%%%%%%%%%%%%%%%%%%%%

@article{hanocka2019meshcnn,
  title={MeshCNN: A Network with an Edge},
  author={Hanocka, Rana and Hertz, Amir and Fish, Noa and Giryes, Raja and Fleishman, Shachar and Cohen-Or, Daniel},
  journal={ACM Transactions on Graphics},
  volume={38},
  number={4},
  pages = {90:1--90:12},
  year={2019},
  publisher={ACM},
}

@online{mandado_surface_2021,
	title = {Surface class segmentation with {MeshCNN}},
	url = {https://atomicsulfate.github.io/meshcnn-4-cadseg/},
	author = {Mandado, Andrés},
	year = {2021},
}

@article{schneider_medmeshcnn_2021,
	title = {{MedmeshCNN} - {Enabling} meshcnn for medical surface models},
	volume = {210},
	journal = {Computer Methods and Programs in Biomedicine},
	author = {Schneider, Lisa and Niemann, Annika and Beuing, Oliver and Preim, Bernhard and Saalfeld, Sylvia},
	year = {2021},
	pages = {106372},
}

%% PLANIFICACIÓN E IMPLEMENTACIÓN
%%%%%%%%%%%%%%%%%%%%%%%%%%%%%%%%%

@manual{blender,
   title = {Blender - a 3D modelling and rendering package},
   author = {{Blender Foundation}},
   year = {2018},
   url = {http://www.blender.org},
 }

%% EXPERIMENTOS
%%%%%%%%%%%%%%%

@inproceedings{cignoni1998metro,
  title={Metro: measuring error on simplified surfaces},
  author={Cignoni, Paolo and Rocchini, Claudio and Scopigno, Roberto},
  booktitle={Computer graphics forum},
  volume={17},
  number={2},
  pages={167--174},
  year={1998},
  organization={Wiley Online Library}
}

@inproceedings {meshlab, 
booktitle = {Eurographics Italian Chapter Conference}, 
title = {{MeshLab: an Open-Source Mesh Processing Tool}}, 
author = {Cignoni, Paolo and Callieri, Marco and Corsini, Massimiliano and Dellepiane, Matteo and Ganovelli, Fabio and Ranzuglia, Guido}, 
year = {2008}, 
publisher = {The Eurographics Association}, 
}

%% CONCLUSIONES Y TRABAJOS FUTUROS
%%%%%%%%%%%%%%%%%%%%%%%%%%%%%%%%%%

@inproceedings{singh2021meshnet++,
  title={MeshNet++: A Network with a Face},
  author={Singh, Vinit and Sheshappanavar, Shivanand Venkanna and Kambhamettu, Chandra},
  booktitle={Proceedings of the 29th ACM International Conference on Multimedia},
  pages={4883--4891},
  year={2021}
}